@INPROCEEDINGS{nallasamy,  author={Mani, N. and Srinivasan, B.},  booktitle={1997 IEEE International Conference on Systems, Man, and Cybernetics. Computational Cybernetics and Simulation},   title={Application of artificial neural network model for optical character recognition},   year={1997},  volume={3},  number={},  pages={2517-2520 vol.3},  doi={10.1109/ICSMC.1997.635312}}

 @book{olabe_2008, place={Bilbao, Biscay}, title={Redes neuronales artificiales y sus aplicaciones}, volume={2}, publisher={Escuela Superior de Ingeniería Bilbao}, author={Basogain Olabe, Xavier}, year={2008}} 

 @inproceedings{Shah2009,
   author = {Parul Shah and Sunil Karamchandani and Taskeen Nadkar and Nikita Gulechha and Kaushik Koli and Ketan Lad},
   doi = {10.1109/ICVES.2009.5400240},
   isbn = {9781424454419},
   journal = {ICVES 2009 - 2009 IEEE International Conference on Vehicular Electronics and Safety},
   keywords = {Artificial Neural Network (ANN),Optical Character Recognition (OCR),Vehicle Identification Number (VIN)},
   pages = {31-34},
   title = {OCR-based chassis-number recognition using artificial neural networks},
   year = {2009},
}
@book{van1995python, 
  title={Python tutorial}, 
  author={Van Rossum, Guido and Drake Jr, Fred L}, 
  year={1995}, 
  publisher={Centrum voor Wiskunde en Informatica Amsterdam, The Netherlands} 
}

 @book{camps_paré_2005, place={Barcelona}, edition={1}, title={Introducción a las bases de datos}, publisher={Eureca Media}, author={Camps Paré, Rafael}, year={2005}} 